<?xml version='1.0' encoding='UTF-8'?>
<record xmlns="http://www.loc.gov/MARC21/slim">
  <leader>01669cam a22003615  4500</leader>
  <controlfield tag="001">2753980</controlfield>
  <controlfield tag="003">NjP</controlfield>
  <controlfield tag="005">20171010172653.0</controlfield>
  <controlfield tag="008">880727s1967    ir            000 0 arard</controlfield>
  <datafield tag="024" ind1="7" ind2=" ">
    <subfield code="a">princeton_aco001617</subfield>
    <subfield code="2">local</subfield>
  </datafield>
  <datafield ind1=" " ind2=" " tag="035">
    <subfield code="a">(OCoLC)ocn178205710</subfield>
  </datafield>
  <datafield ind1=" " ind2=" " tag="035">
    <subfield code="a">(OCoLC)ocm18276940</subfield>
  </datafield>
  <datafield ind1=" " ind2=" " tag="035">
    <subfield code="a">(OCoLC)178205710</subfield>
  </datafield>
  <datafield ind1=" " ind2=" " tag="035">
    <subfield code="9">CNE6990TS</subfield>
  </datafield>
  <datafield ind1=" " ind2=" " tag="035">
    <subfield code="a">(NjP)2753980</subfield>
  </datafield>
  <datafield ind1=" " ind2=" " tag="040">
    <subfield code="a">WAU</subfield>
    <subfield code="c">PUL</subfield>
    <subfield code="d">PUL</subfield>
  </datafield>
  <datafield ind1=" " ind2=" " tag="049">
    <subfield code="a">PULL</subfield>
  </datafield>
  <datafield ind1=" " ind2=" " tag="079">
    <subfield code="a">ocm18276940</subfield>
  </datafield>
  <datafield ind1="1" ind2=" " tag="100">
    <subfield code="6">880-01</subfield>
    <subfield code="a">Sharīf al-Murtaḍá, ʻAlam al-Hudá ʻAlī ibn al-Ḥusayn,</subfield>
    <subfield code="d">966-1044 or 1045.</subfield>
    <subfield code="0">http://id.loc.gov/authorities/names/n85009623</subfield>
  </datafield>
  <datafield ind1="1" ind2="3" tag="245">
    <subfield code="6">880-02</subfield>
    <subfield code="a">al-Dharīʻah ilá uṣūl al-sharīʻah</subfield>
    <subfield code="c">taṣnīf Murtaẓā ʻalam al-Hudā. Taṣḥīh va muqaddamah va taʻlīqāt az Abū al-Qāsim Guraji.</subfield>
  </datafield>
  <datafield ind1=" " ind2=" " tag="260">
    <subfield code="a">[Tihrān,</subfield>
    <subfield code="b">Dānishgah Tihran,</subfield>
    <subfield code="c">1346 i.e.1967 or 1968- ]</subfield>
  </datafield>
  <datafield ind1=" " ind2=" " tag="300">
    <subfield code="a">v.</subfield>
  </datafield>
  <datafield ind1="1" ind2=" " tag="490">
    <subfield code="a">Teheran. Dānishgah. Intishārāt ;</subfield>
    <subfield code="v">1100</subfield>
  </datafield>
  <datafield ind1="0" ind2=" " tag="490">
    <subfield code="a">Ganjīnah-ʼi aqāyid va fiqh-i Islāmi,</subfield>
    <subfield code="v">26</subfield>
  </datafield>
  <datafield ind1=" " ind2=" " tag="500">
    <subfield code="a">Introduction in Persian, text in Arabic.</subfield>
  </datafield>
  <datafield ind1=" " ind2=" " tag="500">
    <subfield code="a">Text vocalized.</subfield>
  </datafield>
  <datafield ind1=" " ind2="0" tag="650">
    <subfield code="a">Islamic law</subfield>
    <subfield code="v">Sources.</subfield>
    <subfield code="0">http://id.loc.gov/authorities/subjects/sh85068457</subfield>
  </datafield>
  <datafield ind1="1" ind2=" " tag="700">
    <subfield code="a">Gurajī, Abū al-Qāsim.</subfield>
  </datafield>
  <datafield ind1=" " ind2="0" tag="830">
    <subfield code="a">Publications de l'Université de Tehran ;</subfield>
    <subfield code="v">1100.</subfield>
  </datafield>
  <datafield ind1="1" ind2=" " tag="880">
    <subfield code="6">100-01/r</subfield>
    <subfield code="a">شريف المرتضى، علم الهدى علي بن الحسين،</subfield>
    <subfield code="d">966-1044 or 1045.</subfield>
  </datafield>
  <datafield ind1="1" ind2="2" tag="880">
    <subfield code="6">245-02/r</subfield>
    <subfield code="a">الذريعة الى اصول الشريعة</subfield>
    <subfield code="c">taṣnīf Murtaẓā ʻalam al-Hudā. Taṣḥīh va muqaddamah va taʻlīqāt az Abū al-Qāsim Guraji.</subfield>
  </datafield>
  <datafield ind1=" " ind2=" " tag="911">
    <subfield code="a">20000130</subfield>
  </datafield>
  <datafield ind1=" " ind2=" " tag="994">
    <subfield code="a">C0</subfield>
    <subfield code="b">PUL</subfield>
  </datafield>
  <datafield ind1=" " ind2=" " tag="999">
    <subfield code="a">2753980</subfield>
  </datafield>
  <datafield ind1="0" ind2="1" tag="852">
    <subfield code="0">3064717</subfield>
    <subfield code="b">nec</subfield>
    <subfield code="t">1</subfield>
    <subfield code="h">KBP365</subfield>
    <subfield code="i">.S537 1967</subfield>
  </datafield>
  <datafield ind1=" " ind2="0" tag="866">
    <subfield code="0">3064717</subfield>
    <subfield code="8">0</subfield>
    <subfield code="a">v.1-2</subfield>
  </datafield>
  <datafield ind1=" " ind2=" " tag="959">
    <subfield code="a">2005-06-24 08:05:30 -0500</subfield>
  </datafield>
</record>
